
@article{art,
	author = {J. van der Geer and J. A. J. Hanraads and R.A. Lupton},
	title = {The art of writing a scientific article},
	journal = {J. Sci. Commun},
	volume = {163},
	number = {2010},
	pages = {51-59},
	type = {Journal Article}
}

@inproceedings{conf,
	author = {Y. - W. Chang and J. - S. Chern},
	title = {Ups and Downs of Space Tourism Development in 60 Years from Moon Register to {SpaceShipTwo} Crash},
	booktitle = {IAC-15-E4.2.8, 66th International Astronautical Congress},
	address = {Jerusalem, Israel},
	year = {2015, 12 – 16 October.},
	type = {Conference Proceedings}
}

@book{book,
	author = {W. Strunk Jr. and E. B. White},
	title = {The Elements of Style},
	edition = {4},
	address = {Longman, New York},
	year = {2000},
	type = {Book}
}

@inbook{chap,
	author = {G. R. Mettam and L. B. Adams},
	title = {How to prepare an electronic version of your article},
	publisher = {in: B.S. Jones, R.Z. Smith (Eds), Introduction to the Electronic Age, E-Publishing Inc.},
	address = {New York},
	year = {2009},
	pages = {281–304},
	type = {Book}
}

@misc{web,
	author = {E. Mack},
	title = {Could Virgin Galactic's Spaceport America be put up for sale? 23 {February} 2015},
	howpublished = {\url{http://www.gizmag.com/spaceport-america-hits-nags/36200/}},
	year = {(accessed 30.04.16)}
}
